@electronic{nist-fingerprint,
	author = {Badi' Abdul-Wahid},
	title = {NIST Fingerprint Matching Ansible Playbooks},
	url={https://github.com/cloudmesh/example-project-nist-fingerprint-matching}
}

@electronic{mindtct,
  author = 	 {NIST},
  title = 	 {minutiae detector from NBIS (NIST Biometric Image Software)},
  howpublished = {},
  month = 	 ,
  year = 	 {},
  note = 	 {},
  anote={},
  url={http://www.nist.gov/itl/iad/ig/nbis.cfm}
}

@article{garris2001user,
	title={User's Guide to NIST Fingerprint Image Software(NFIS)},
	author={Garris, Michael D and Watson, Craig I and McCabe, R Michael and Wilson, Charles L},
	journal={2001.},
	year={2001}
}

@article{watson2007user,
	title={User's guide to NIST biometric image software (NBIS)},
	author={Watson, Craig I and Garris, Michael D and Tabassi, Elham and Wilson, Charles L and Mccabe, R Michael and Janet, Stanley and Ko, Kenneth},
	year={2007},
	publisher={Citeseer}
}

@inproceedings{dalal2005histograms,
  title={Histograms of oriented gradients for human detection},
  author={Dalal, Navneet and Triggs, Bill},
  booktitle={2005 IEEE Computer Society Conference on Computer Vision and Pattern Recognition (CVPR'05)},
  volume={1},
  pages={886--893},
  year={2005},
  organization={IEEE}
}

@article{bradski2000opencv,
  title={The opencv library},
  author={Bradski, Gary and others},
  journal={Doctor Dobbs Journal},
  volume={25},
  number={11},
  pages={120--126},
  year={2000},
  publisher={M AND T PUBLISHING INC}
}

@misc{dalal2005inria,
  title={INRIA person dataset},
  author={Dalal, Navneet and Triggs, Bill},
  journal={2011-04-10]. http://pascal, inrialpes, fr/data/'human},
  year={2005}
}

@electronic{ansible-role-spark,
	author = {Hyungro Lee},
	title = {Ansible Role for Apache Spark},
	url={https://github.com/VirtualClusters/ansible-role-spark-for-mesos}
}

@electronic{ansible-role-opencv,
	author = {Hyungro Lee},
	title = {Ansible Role for OpenCV},
	url={https://github.com/futuresystems/ansible-role-opencv}
}

@inproceedings{hindman2011mesos,
	title={Mesos: A Platform for Fine-Grained Resource Sharing in the Data Center.},
	author={Hindman, Benjamin and Konwinski, Andy and Zaharia, Matei and Ghodsi, Ali and Joseph, Anthony D and Katz, Randy H and Shenker, Scott and Stoica, Ion},
	booktitle={NSDI},
	volume={11},
	pages={22--22},
	year={2011}
}

@inproceedings{hunt2010zookeeper,
	  title={ZooKeeper: Wait-free Coordination for Internet-scale Systems.},
	  author={Hunt, Patrick and Konar, Mahadev and Junqueira, Flavio Paiva and Reed, Benjamin},
	  booktitle={USENIX Annual Technical Conference},
	  volume={8},
	  pages={9},
	  year={2010}
}
