
@InProceedings{lasPeer15,
  author    = {G. von Laszewski and F. Wang and G. C. Fox and D. L. Hart and T. R. Furlani and R. L. DeLeon and S. M. Gallo},
  title     = {Peer Comparison of XSEDE and NCAR Publication Data},
  booktitle = {2015 IEEE International Conference on Cluster Computing},
  year      = {2015},
  pages     = {531-532},
  month     = {Sept},
  doi       = {10.1109/CLUSTER.2015.98},
  issn      = {1552-5244},
  keywords  = {citation analysis;publishing;NCAR publication data;XSEDE publication data;citation analysis;comprehensive peer analysis;percentile ranking based approach;publication impact;Atmospheric measurements;Conferences;Data analysis;Extraterrestrial measurements;Ranking (statistics);Resource management;Metrics;publications},
}

@InProceedings{las12-cloud,
  author    = {G. von Laszewski and J. Diaz and F. Wang and G. C. Fox},
  title     = {{Comparison of Multiple Cloud Frameworks}},
  booktitle = {Cloud Computing (CLOUD), 2012 IEEE 5th International Conference on},
  year      = {2012},
  pages     = {734-741},
  month     = {June},
  doi       = {10.1109/CLOUD.2012.104},
  issn      = {2159-6182},
  keywords  = {cloud computing;Eucalyptus;FutureGrid;IaaS;Nimbus;OpenNebula;OpenStack;bare-metal computing services;cloud infrastructure as a service frameworks;high-performance computing services;objective comparisons;Cloud computing;Clouds;Communities;Educational institutions;Scalability;Servers;Cloud;Eucalyptus;FutureGrid;Grid;Nimbus;OpenNebula;OpenStack;RAIN},
}

@TechReport{nist-bd-pwg,
  author = 	 {{Afzal Godil and Wo Chang}},
  title = 	 {{NIST Big Data Public Working Group draft Possible Big Data Use Cases Implementation using NBDRA}},
  institution =  {},
  key = 	 {NIST},
  type = 	 {NIST},
  address = 	 {National Institute of Standards and Technology, U.S. Department of Commerce},
  month = 	 {},
}

@TechReport{nist-bd,
  author = 	 {{NIST}},
  title = 	 {{NIST Big Data Interoperability Framework: Volume 6, Reference Architecture}},
  institution =  {},
  year = 	 {2015},
  key = 	 {NIST},
  type = 	 {NIST Special Publication},
  number = 	 {1500-6
},
  address = 	 {National Institute of Standards and Technology, U.S. Department of Commerce},
  month = 	 {Sep.15},
}

@TechReport{nist-bd-v1,
  author = 	 {{NIST}},
  title = 	 {{NIST Big Data Interoperability Framework: Volume 1, Definitions}},
  institution =  {},
  year = 	 {2015},
  key = 	 {NIST},
  type = 	 {NIST Special Publication},
  number = 	 {1500-1
},
  address = 	 {National Institute of Standards and Technology, U.S. Department of Commerce},
  month = 	 {Sep.15},
}

@TechReport{nist-bd-v2,
  author = 	 {{NIST}},
  title = 	 {{NIST Big Data Interoperability Framework: Volume 2, Taxonomies}},
  institution =  {},
  year = 	 {2015},
  key = 	 {NIST},
  type = 	 {NIST Special Publication},
  number = 	 {1500-2
},
  address = 	 {National Institute of Standards and Technology, U.S. Department of Commerce},
  month = 	 {Sep.15},
}

@TechReport{nist-bd-v3,
  author = 	 {{NIST}},
  title = 	 {{NIST Big Data Interoperability Framework: Volume 3, Use Cases and General Requirements}},
  institution =  {},
  year = 	 {2015},
  key = 	 {NIST},
  type = 	 {NIST Special Publication},
  number = 	 {1500-3
},
  address = 	 {National Institute of Standards and Technology, U.S. Department of Commerce},
  month = 	 {Sep.15},
}

@TechReport{nist-bd-v4,
  author = 	 {{NIST}},
  title = 	 {{NIST Big Data Interoperability Framework: Volume 4, Security and Privacy}},
  institution =  {},
  year = 	 {2015},
  key = 	 {NIST},
  type = 	 {NIST Special Publication},
  number = 	 {1500-4
},
  address = 	 {National Institute of Standards and Technology, U.S. Department of Commerce},
  month = 	 {Sep.15},
}

@TechReport{nist-bd-v5,
  author = 	 {{NIST}},
  title = 	 {{NIST Big Data Interoperability Framework: Volume 5, Architectures White Paper Survey}},
  institution =  {},
  year = 	 {2015},
  key = 	 {NIST},
  type = 	 {NIST Special Publication},
  number = 	 {1500-5
},
  address = 	 {National Institute of Standards and Technology, U.S. Department of Commerce},
  month = 	 {Sep.15},
}

@TechReport{nist-bd-v7,
  author = 	 {{NIST}},
  title = 	 {{NIST Big Data Interoperability Framework: Volume 7, Standards Roadmap}},
  institution =  {},
  year = 	 {2015},
  key = 	 {NIST},
  type = 	 {NIST Special Publication},
  number = 	 {1500-7
},
  address = 	 {National Institute of Standards and Technology, U.S. Department of Commerce},
  month = 	 {Sep.15},
}

@Misc{github-cloudmesh-client,
  author = 	 {Gregor von Laszewski},
  OPTtitle = 	 {Cloudmesh CLient Documentation},
  howpublished = {Web Page},
  OPTmonth = 	 {},
  OPTyear = 	 {},
  OPTnote = 	 {},
  OPTannote = 	 {},
  url={http://cloudmesh.github.io/client/}
}


@inproceedings{hil16,
 author = {Hennessey, Jason and Tikale, Sahil and Turk, Ata and Kaynar, Emine Ugur and Hill, Chris and Desnoyers, Peter and Krieger, Orran},
 title = {HIL: Designing an Exokernel for the Data Center},
 booktitle = {Proceedings of the Seventh ACM Symposium on Cloud Computing},
 series = {SoCC '16},
 year = {2016},
 isbn = {978-1-4503-4525-5},
 location = {Santa Clara, CA, USA},
 pages = {155--168},
 numpages = {14},
 url = {http://doi.acm.org/10.1145/2987550.2987588},
 doi = {10.1145/2987550.2987588},
 acmid = {2987588},
 publisher = {ACM},
 address = {New York, NY, USA},
 keywords = {IaaS, PaaS, bare metal, cloud computing, datacenter management, exokernel},
}


@electronic{cloud3,
  author = 	 {Amin Vahdat},
  title = 	 {Serverless computing and Cloud 3.0 },
  howpublished = {Video},
  month = 	 may,
  year = 	 {2016},
  note = 	 {Google talk},
  anote={https://www.youtube.com/watch?v=iNN9KAsQ3G8&feature=youtu.be&t=8m},
  url={https://drive.google.com/file/d/0BwMOJChROzavTE4yZXBsMWdmY0U/view}
}


@inproceedings{las02infogram,
 author = {von Laszewski, Gregor and Gawor, Jarek and Pe\~{n}a, Carlos J. and Foster, Ian},
 title = {InfoGram: A Grid Service That Supports Both Information Queries and Job Execution},
 booktitle = {Proceedings of the 11th IEEE International Symposium on High Performance Distributed Computing},
 series = {HPDC '02},
 year = {2002},
 isbn = {0-7695-1686-6},
 pages = {333--},
 TODOurl = {http://dl.acm.org/citation.cfm?id=822086.823347},
 acmid = {823347},
 publisher = {IEEE Computer Society},
 address = {Washington, DC, USA},
 url = {https://www.globus.org/sites/default/files/vonLaszewski--infogram.pdf}
} 


@Misc{www-cm-stacks,
  key = 	 {cm-stack},
  OPTauthor = 	 {},
  title = 	 {Cloudemsh Stack Repository},
  howpublished = {github},
  OPTmonth = 	 {},
  OPTyear = 	 {},
  OPTnote = 	 {},
  OPTannote = 	 {},
  url={https://github.com/futuresystems/big-data-stack}
}

@electronic{apache-drill,
  title = {Apache Drill},
  howpublished = {Web Page},
  url = {https://drill.apache.org/}
}
@electronic{apache-hbase,
  title = {Apache HBase},
  howpublished = {Web Page},
  url = {https://hbase.apache.org/}
}

@electronic{hadoop,
  title = {Apache Hadoop},
  howpublished = {Web Page},
  url = {http://hadoop.apache.org/}
}

@electronic{apache-spark,
  title = {Apache Spark},
  howpublished = {Web Page},
  url = {http://spark.apache.org/}
}

@electronic{scala-lang,
  title = {The Scala Programming Language},
  howpublished = {Web Page},
  url = {https://www.scala-lang.org/}
}

@article{flanagan2010nist,
	title={NIST Biometric Image Software (NBIS)},
	author={Flanagan, Patricia},
	year={2010}
}

@electronic{nist-fingerprint,
	author = {Badi' Abdul-Wahid},
	title = {NIST Fingerprint Matching Ansible Playbooks},
	url={https://github.com/cloudmesh/example-project-nist-fingerprint-matching}
}

@electronic{nist-facedetection,
	author = {Hyungro Lee},
	title = {NIST Human and Face Detection Ansible Playbooks},
	url={https://github.com/futuresystems/pedestrian-and-face-detection}
}

@electronic{mindtct,
  author = 	 {NIST},
  title = 	 {minutiae detector from NBIS (NIST Biometric Image Software)},
  howpublished = {},
  month = 	 ,
  year = 	 {},
  note = 	 {},
  anote={},
  url={http://www.nist.gov/itl/iad/ig/nbis.cfm}
}

@article{garris2001user,
	title={User's Guide to NIST Fingerprint Image Software(NFIS)},
	author={Garris, Michael D and Watson, Craig I and McCabe, R Michael and Wilson, Charles L},
	journal={2001.},
	year={2001}
}

@article{watson2007user,
	title={User's guide to NIST biometric image software (NBIS)},
	author={Watson, Craig I and Garris, Michael D and Tabassi, Elham and Wilson, Charles L and Mccabe, R Michael and Janet, Stanley and Ko, Kenneth},
	year={2007},
	publisher={Citeseer}
}

@inproceedings{dalal2005histograms,
  title={Histograms of oriented gradients for human detection},
  author={Dalal, Navneet and Triggs, Bill},
  booktitle={2005 IEEE Computer Society Conference on Computer Vision and Pattern Recognition (CVPR'05)},
  volume={1},
  pages={886--893},
  year={2005},
  organization={IEEE}
}

@article{bradski2000opencv,
  title={The opencv library},
  author={Bradski, Gary and others},
  journal={Doctor Dobbs Journal},
  volume={25},
  number={11},
  pages={120--126},
  year={2000},
  publisher={M AND T PUBLISHING INC}
}

@misc{dalal2005inria,
  title={INRIA person dataset},
  author={Dalal, Navneet and Triggs, Bill},
  journal={2011-04-10]. http://pascal, inrialpes, fr/data/'human},
  year={2005}
}

@electronic{ansible-role-spark,
	author = {Hyungro Lee},
	title = {Ansible Role for Apache Spark},
	url={https://github.com/VirtualClusters/ansible-role-spark-for-mesos}
}

@electronic{ansible-role-opencv,
	author = {Hyungro Lee},
	title = {Ansible Role for OpenCV},
	url={https://github.com/futuresystems/ansible-role-opencv}
}

@inproceedings{hindman2011mesos,
	title={Mesos: A Platform for Fine-Grained Resource Sharing in the Data Center.},
	author={Hindman, Benjamin and Konwinski, Andy and Zaharia, Matei and Ghodsi, Ali and Joseph, Anthony D and Katz, Randy H and Shenker, Scott and Stoica, Ion},
	booktitle={NSDI},
	volume={11},
	pages={22--22},
	year={2011}
}

@inproceedings{hunt2010zookeeper,
	  title={ZooKeeper: Wait-free Coordination for Internet-scale Systems.},
	  author={Hunt, Patrick and Konar, Mahadev and Junqueira, Flavio Paiva and Reed, Benjamin},
	  booktitle={USENIX Annual Technical Conference},
	  volume={8},
	  pages={9},
	  year={2010}
}
